<record><leader>02372cam a2200385 i 4500</leader><controlfield tag="001">6677728</controlfield><controlfield tag="003">FlBoTFG</controlfield><controlfield tag="005">20140910124938.0</controlfield><controlfield tag="006">m    ||  d |      </controlfield><controlfield tag="007">cr |||</controlfield><controlfield tag="008">140910t20152015flua    ob    000 0 eng d</controlfield><datafield ind1=" " ind2=" " tag="020"><subfield code="a">9781466572836 (e-book : PDF)</subfield></datafield><datafield ind1=" " ind2=" " tag="035"><subfield code="a">ocn888287496</subfield></datafield><datafield ind1=" " ind2=" " tag="039"><subfield code="a">exclude</subfield></datafield><datafield ind1=" " ind2=" " tag="040"><subfield code="a">FlBoTFG</subfield><subfield code="b">eng</subfield><subfield code="c">FlBoTFG</subfield><subfield code="e">rda</subfield><subfield code="d">AEU</subfield></datafield><datafield ind1=" " ind2="4" tag="050"><subfield code="a">R857.N34</subfield><subfield code="b">N36 2015</subfield></datafield><datafield ind1="0" ind2=" " tag="082"><subfield code="a">610.28</subfield><subfield code="b">N186</subfield></datafield><datafield ind1=" " ind2=" " tag="090"><subfield code="a">Internet Access</subfield><subfield code="b">AEU</subfield></datafield><datafield ind1="0" ind2="0" tag="245"><subfield code="a">Nanomedicine :</subfield><subfield code="b">a soft matter perspective /</subfield><subfield code="c">edited by Dipanjan Pan, University of Illinois Urbana-Champaign.</subfield></datafield><datafield ind1=" " ind2="1" tag="264"><subfield code="a">Boca Raton :</subfield><subfield code="b">CRC Press,</subfield><subfield code="c">[2015]</subfield></datafield><datafield ind1=" " ind2="4" tag="264"><subfield code="c">&#169;2015</subfield></datafield><datafield ind1=" " ind2=" " tag="300"><subfield code="a">1 online resource :</subfield><subfield code="b">text file, PDF</subfield></datafield><datafield ind1=" " ind2=" " tag="336"><subfield code="a">text</subfield><subfield code="2">rdacontent</subfield></datafield><datafield ind1=" " ind2=" " tag="337"><subfield code="a">computer</subfield><subfield code="2">rdamedia</subfield></datafield><datafield ind1=" " ind2=" " tag="338"><subfield code="a">online resource</subfield><subfield code="2">rdacarrier</subfield></datafield><datafield ind1=" " ind2=" " tag="504"><subfield code="a">Includes bibliographical references.</subfield></datafield><datafield ind1="0" ind2=" " tag="505"><subfield code="a">chapter 1. Introduction -- chapter 2. Nuclear imaging with nanoparticles / Ali Azhdarinia and Sukhen C. Ghosh -- chapter 3. Molecular imaging at nanoscale with magnetic resonance imaging / Patrick M. Winter -- chapter 4. Optical imaging with nanoparticles / Walter J. Akers -- chapter 5. Contrast agents for computed tomographic imaging / Dipanjan Pan, Santosh K. Misra, and Sumin Kim -- chapter 6. Nanomedicine : perspective and promises / Dipanjan Pan.</subfield></datafield><datafield ind1=" " ind2=" " tag="506"><subfield code="a">Access restricted to authorized users and institutions.</subfield></datafield><datafield ind1=" " ind2=" " tag="520"><subfield code="a">"This book provides a broad introduction to matters for nano-medicinal application. It covers comprehensive information regarding "soft" nanoscopic objects with prerequisite features for different imaging modalities. The book also offers a general introduction to the various drug delivery systems and their opportunities from chemistry, materials, biology and nanomedical standpoint. The book provides a broad introduction to the field and the sub field, with a deeper discussion on the individual modalities for molecular imaging, expanded in four chapters"--Provided by publisher.</subfield></datafield><datafield ind1=" " ind2=" " tag="596"><subfield code="a">44</subfield></datafield><datafield ind1=" " ind2="0" tag="650"><subfield code="a">Nanomedicine.</subfield></datafield><datafield ind1="1" ind2=" " tag="700"><subfield code="a">Pan, Dipanjan,</subfield><subfield code="e">editor of compilation.</subfield></datafield><datafield ind1="4" ind2="0" tag="856"><subfield code="3">University of Alberta Access</subfield><subfield code="u">http://marc.crcnetbase.com/isbn/9781466572836</subfield><subfield code="z">(Unlimited Concurrent Users)</subfield></datafield><datafield ind1=" " ind2=" " tag="949"><subfield code="h">UAIN</subfield><subfield code="z">CRC</subfield></datafield><datafield ind1=" " ind2=" " tag="926"><subfield code="a">Internet Access</subfield><subfield code="w">LC</subfield><subfield code="c">1</subfield><subfield code="i">6677728-1001</subfield><subfield code="l">INTERNET</subfield><subfield code="m">UAINTERNET</subfield><subfield code="r">Y</subfield><subfield code="s">Y</subfield><subfield code="t">E-RESOURCE</subfield><subfield code="u">9/15/2014</subfield><subfield code="x">E-BOOK</subfield><subfield code="z">CRC</subfield></datafield></record>